<record><leader>00000cas a22000007a 4500</leader><controlfield tag="001">19637002</controlfield><controlfield tag="008">890501d18911892azuwr ne      0   a0eng d</controlfield><datafield ind1=" " ind2=" " tag="010"><subfield code="a">sn 89077832 </subfield></datafield><datafield ind1=" " ind2=" " tag="040"><subfield code="a">NPH</subfield><subfield code="b">eng</subfield><subfield code="c">NPH</subfield><subfield code="d">ANN</subfield><subfield code="d">OCLCQ</subfield><subfield code="d">DLC</subfield><subfield code="d">OCLCQ</subfield><subfield code="d">OCLCA</subfield><subfield code="d">DLC</subfield><subfield code="d">OCLCF</subfield></datafield><datafield ind1="0" ind2=" " tag="022"><subfield code="a">2331-9801</subfield><subfield code="2">1</subfield></datafield><datafield ind1="1" ind2=" " tag="029"><subfield code="a">AU@</subfield><subfield code="b">000020553180</subfield></datafield><datafield ind1=" " ind2=" " tag="042"><subfield code="a">msc</subfield><subfield code="a">nsdp</subfield></datafield><datafield ind1=" " ind2=" " tag="043"><subfield code="a">n-us-az</subfield></datafield><datafield ind1="0" ind2="0" tag="050"><subfield code="a">Newspaper</subfield></datafield><datafield ind1="0" ind2="0" tag="082"><subfield code="a">071</subfield><subfield code="2">23</subfield></datafield><datafield ind1="0" ind2=" " tag="130"><subfield code="a">Weekly Republican (Phoenix, Ariz. : 1891)</subfield></datafield><datafield ind1=" " ind2="4" tag="222"><subfield code="a">The weekly Republican</subfield><subfield code="b">(Phoenix, Ariz. 1891. Print)</subfield></datafield><datafield ind1="1" ind2="4" tag="245"><subfield code="a">The weekly Republican.</subfield></datafield><datafield ind1="1" ind2="7" tag="246"><subfield code="a">Arizona weekly Republican</subfield></datafield><datafield ind1=" " ind2=" " tag="260"><subfield code="a">Phoenix [Ariz.] :</subfield><subfield code="b">Republican Pub. Co.,</subfield><subfield code="c">-1892.</subfield></datafield><datafield ind1=" " ind2=" " tag="300"><subfield code="a">v.</subfield></datafield><datafield ind1=" " ind2=" " tag="310"><subfield code="a">Weekly</subfield></datafield><datafield ind1="1" ind2=" " tag="362"><subfield code="a">Began in July 1891.</subfield></datafield><datafield ind1="0" ind2=" " tag="362"><subfield code="a">-v. 3, no. 22 (Oct. 22, 1892).</subfield></datafield><datafield ind1=" " ind2=" " tag="530"><subfield code="a">Archived issues are available in digital format as part of the Library of Congress Chronicling America online collection.</subfield></datafield><datafield ind1=" " ind2=" " tag="588"><subfield code="a">Description based on: Vol. 3, no. 6 (July 23, 1891).</subfield></datafield><datafield ind1=" " ind2="0" tag="651"><subfield code="a">Phoenix (Ariz.)</subfield><subfield code="v">Newspapers.</subfield></datafield><datafield ind1=" " ind2="0" tag="651"><subfield code="a">Maricopa County (Ariz.)</subfield><subfield code="v">Newspapers.</subfield></datafield><datafield ind1=" " ind2="7" tag="655"><subfield code="a">Newspapers.</subfield><subfield code="2">fast</subfield><subfield code="0">(OCoLC)fst01423814</subfield></datafield><datafield ind1=" " ind2="7" tag="651"><subfield code="a">Arizona</subfield><subfield code="z">Maricopa County.</subfield><subfield code="2">fast</subfield><subfield code="0">(OCoLC)fst01217111</subfield></datafield><datafield ind1=" " ind2="7" tag="651"><subfield code="a">Arizona</subfield><subfield code="z">Phoenix.</subfield><subfield code="2">fast</subfield><subfield code="0">(OCoLC)fst01213753</subfield></datafield><datafield ind1=" " ind2=" " tag="752"><subfield code="a">United States</subfield><subfield code="b">Arizona</subfield><subfield code="c">Maricopa</subfield><subfield code="d">Phoenix.</subfield></datafield><datafield ind1="0" ind2=" " tag="775"><subfield code="t">Arizona Republican (Phoenix, Ariz. : 1890)</subfield><subfield code="x">2157-135X</subfield><subfield code="w">(DLC)sn 84020558</subfield><subfield code="w">(OCoLC)2612512</subfield></datafield><datafield ind1="0" ind2="8" tag="776"><subfield code="i">Online version:</subfield><subfield code="t">Weekly republican (Phoenix, Ariz. : 1891 : Online)</subfield><subfield code="x">2331-981X</subfield><subfield code="w">(DLC)  2013272070</subfield><subfield code="w">(OCoLC)862163895</subfield></datafield><datafield ind1="0" ind2="0" tag="780"><subfield code="t">Arizona weekly Republican (Phoenix, Ariz. : 1890)</subfield><subfield code="w">(DLC)sn 89077831</subfield><subfield code="w">(OCoLC)19611823</subfield></datafield><datafield ind1="0" ind2="0" tag="785"><subfield code="t">Arizona weekly Republican (Phoenix, Ariz. : 1892)</subfield><subfield code="x">2331-9836</subfield><subfield code="w">(DLC)sn 89077833</subfield><subfield code="w">(OCoLC)19611786</subfield></datafield><datafield ind1="4" ind2="1" tag="856"><subfield code="u">http://www.loc.gov/chroniclingamerica/lccn/sn89077832/issues</subfield></datafield></record>